@inbook{
	Beloysov,
	author=" И. В. Белоусов",
	title="Матрицы и определители. Учебное пособие по линейной алгебре",
	publisher="-- Институт прикладной физики, г. Кишинёв",
	pages="1--16",
	language="russian",
	year=2006
}

@inbook{
	Gall2012,
	author="Le Gall, F",
	title="Faster algorithms for rectangular matrix multiplication",
	publisher="-- Proceedings of the 53rd Annual IEEE Symposium on Foundations of Computer Science (FOCS 2012)",
	pages="514--523",
	language="english",
	year=2012
}

@misc{golang,
	title="The Go Programming Language [Электронный ресурс]",
	howpublished="Режим доступа: \url{https://golang.org/} (дата обращения: 09.09.2020)"
}

@misc{gotest,
	title="testing -- The Go Programming Language [Электронный ресурс]",
	howpublished="Режим доступа: \url{https://golang.org/pkg/testing/} (дата обращения: 12.09.2020)"
}

@misc{kali,
	title="Our Most Advanced Penetration Testing Distribution, Ever. [Электронный ресурс]",
	howpublished="Режим доступа: \url{https://kali.org/} (дата обращения: 12.09.2020)"
}

@misc{linux,
	title="Linux -- Википедия [Электронный ресурс]",
	howpublished="Режим доступа: \url{https://ru.wikipedia.org/wiki/Linux} (дата обращения: 12.09.2020)"
}

@misc{intel,
	title="Intel Processors [Электронный ресурс]",
	howpublished="Режим доступа: \url{https://www.intel.com/content/www/us/en/products/processors/core/i5-processors.html} (дата обращения: 12.09.2020)"
}