@inbook{
	brute,
	author=" Peroni Silvio",
	title="Brute-force algorithms",
	publisher="-- Digital Humanities Advanced Research Centre (DHARC), Department of Classical Philology andItalian Studies, University of Bologna, Bologna, Italy",
	pages="",
	language="english",
	year=2016
}

@inbook{
	fa,
	author=" Boualem Boashash",
	title="Time Frequency Analysis",
	publisher="-- Elsevier Ltd.",
	pages="",
	language="english",
	year=2003
}

@misc{golang,
	title="The Go Programming Language [Электронный ресурс]",
	howpublished="Режим доступа: \url{https://golang.org/} (дата обращения: 09.09.2020)"
}

@misc{gotest,
	title="testing -- The Go Programming Language [Электронный ресурс]",
	howpublished="Режим доступа: \url{https://golang.org/pkg/testing/} (дата обращения: 12.09.2020)"
}

@misc{kali,
	title="Our Most Advanced Penetration Testing Distribution, Ever. [Электронный ресурс]",
	howpublished="Режим доступа: \url{https://kali.org/} (дата обращения: 12.09.2020)"
}

@misc{faker,
	title="Fake library. [Электронный ресурс]",
	howpublished="Режим доступа: \url{https://github.com/brianvoe/gofakeit} (дата обращения: 03.12.2020)"
}

@misc{linux,
	title="Linux -- Википедия [Электронный ресурс]",
	howpublished="Режим доступа: \url{https://ru.wikipedia.org/wiki/Linux} (дата обращения: 12.09.2020)"
}

@misc{intel,
	title="Intel Processors [Электронный ресурс]",
	howpublished="Режим доступа: \url{https://www.intel.com/content/www/us/en/products/processors/core/i5-processors.html} (дата обращения: 12.09.2020)"
}