@inbook{
	mednov,
	author=" В. П. Меднов, Е. П. Бондарев",
	title="Транспортные, распределительные и рабочие конвейеры",
	publisher="-- М",
	pages="",
	language="russian",
	year=1970
}

@misc{golang,
	title="The Go Programming Language [Электронный ресурс]",
	howpublished="Режим доступа: \url{https://golang.org/} (дата обращения: 09.09.2020)"
}

@misc{gotest,
	title="testing -- The Go Programming Language [Электронный ресурс]",
	howpublished="Режим доступа: \url{https://golang.org/pkg/testing/} (дата обращения: 12.09.2020)"
}

@misc{lib:time,
	title="testing -- Package time [Электронный ресурс]",
	howpublished="Режим доступа: \url{https://golang.org/pkg/time/} (дата обращения: 18.11.2020)"
}

@misc{kali,
	title="Our Most Advanced Penetration Testing Distribution, Ever. [Электронный ресурс]",
	howpublished="Режим доступа: \url{https://kali.org/} (дата обращения: 12.09.2020)"
}

@misc{linux,
	title="Linux -- Википедия [Электронный ресурс]",
	howpublished="Режим доступа: \url{https://ru.wikipedia.org/wiki/Linux} (дата обращения: 12.09.2020)"
}

@misc{intel,
	title="Intel Processors [Электронный ресурс]",
	howpublished="Режим доступа: \url{https://www.intel.com/content/www/us/en/products/processors/core/i5-processors.html} (дата обращения: 12.09.2020)"
}