@inbook{
	knut,
	author=" Дональд Кнут",
	title="Искусство программирования. Том 3. Сортировка и поиск",
	publisher="-- Диалектика-Вильямс",
	pages="",
	language="russian",
	year=1998
}

@inbook{
	quick1,
	author=" Т. Кормен, Ч. Лейзерсон, Р. Ривест, К. Штайн",
	title="Алгоритмы: построение и анализ",
	publisher="-- Под. ред. И. В. Красикова -- 2-е издание. Глава 7. Быстрая сортировка",
	pages="",
	language="russian",
	year=2005
}

@inbook{
	quick2,
	author="А.В.Левитин",
	title="Алгоритмы: построение и анализ",
	publisher="-- М. Вильямс. Глава 4. Метод декомпозиции: Быстрая сортировка",
	pages="",
	language="english",
	year=2006
}

@misc{golang,
	title="The Go Programming Language [Электронный ресурс]",
	howpublished="Режим доступа: \url{https://golang.org/} (дата обращения: 09.09.2020)"
}

@misc{gotest,
	title="testing -- The Go Programming Language [Электронный ресурс]",
	howpublished="Режим доступа: \url{https://golang.org/pkg/testing/} (дата обращения: 12.09.2020)"
}

@misc{kali,
	title="Our Most Advanced Penetration Testing Distribution, Ever. [Электронный ресурс]",
	howpublished="Режим доступа: \url{https://kali.org/} (дата обращения: 12.09.2020)"
}

@misc{linux,
	title="Linux -- Википедия [Электронный ресурс]",
	howpublished="Режим доступа: \url{https://ru.wikipedia.org/wiki/Linux} (дата обращения: 12.09.2020)"
}

@misc{intel,
	title="Intel Processors [Электронный ресурс]",
	howpublished="Режим доступа: \url{https://www.intel.com/content/www/us/en/products/processors/core/i5-processors.html} (дата обращения: 12.09.2020)"
}