
@inbook{
	haskell,
	author=" Анисимов Н.С., Строганов Ю.В.  ",
	title="Реализация алгоритма умножения матриц по Винограду
	на языке Haskell",
	publisher="-- Новые информационные технологии в автоматизированных системах",
	pages="",
	language="russian",
	year=2018
}

@inbook{
	litr,
	author="Г.А. Корн",
	title="Алгебра матриц и матричное исчисление",
	publisher="-- McGraw-Hill Book Company",
	pages="",
	language="english",
	year=1968
}

@misc{chrono,
	title="Документация по time [Электронный ресурс]",
	howpublished="Режим доступа: \url{http://www.lispworks.com/documentation/lw60/LW/html/lw-628.htm} (дата обращения: 16.10.2020)"
}

@misc{thread,
	title="Документация по lparallel [Электронный ресурс]",
	howpublished="Режим доступа: \url{https://lparallel.org/api/kernel/} (дата обращения: 16.10.2020)"
}

@misc{kali,
	title="Our Most Advanced Penetration Testing Distribution, Ever. [Электронный ресурс]",
	howpublished="Режим доступа: \url{https://kali.org/} (дата обращения: 12.09.2020)"
}

@misc{linux,
	title="Linux -- Википедия [Электронный ресурс]",
	howpublished="Режим доступа: \url{https://ru.wikipedia.org/wiki/Linux} (дата обращения: 12.09.2020)"
}

@misc{intel,
	title="Intel Processors [Электронный ресурс]",
	howpublished="Режим доступа: \url{https://www.intel.com/content/www/us/en/products/processors/core/i5-processors.html} (дата обращения: 12.09.2020)"
}